@ARTICLE{Meeus12,
  author = {{Meeus}, G. and {Montesinos}, B. and {Mendigut{\'{\i}}a}, I. and {Kamp}, I. and {Thi}, W.~F. and {Eiroa}, C. and {Grady}, C.~A. and {Mathews}, G. and {Sandell}, G. and {Martin-Za{\"i}di}, C. and {Brittain}, S. and {Dent}, W.~R.~F. and {Howard}, C. and {M{\'e}nard}, F. and {Pinte}, C. and {Roberge}, A. and {Vandenbussche}, B. and {Williams}, J.~P.
  },
  title = "{Observations of Herbig Ae/Be stars with Herschel/PACS. The atomic and molecular contents of their protoplanetary discs}",
  journal = {Astronomy \& Astrophysics},
  archivePrefix = "arXiv",
  eprint = {1206.3413},
  keywords = {line: identification, astrochemistry, circumstellar matter, planetary systems, protoplanetary disks},
  year = 2012,
  month = aug,
  volume = 544,
  eid = {A78},
  pages = {A78},
  doi = {10.1051/0004-6361/201219225},
  note =
  "\url{http://cdsads.u-strasbg.fr/abs/2012A%26A...544A..78M}",
  adsnote = {Provided by the SAO/NASA Astrophysics Data System}
}

@ARTICLE{Manoj06,
  author = {{Manoj}, P. and {Bhatt}, H.~C. and {Maheswar}, G. and {Muneer}, S.
	},
  title = "{Evolution of Emission-Line Activity in Intermediate-Mass Young Stars}",
  journal = {apj},
  eprint = {astro-ph/0608541},
  keywords = {Stars: Circumstellar Matter, Stars: Planetary Systems: Protoplanetary Disks, Stars: Emission-Line, Be, Stars: Pre-Main-Sequence, Techniques: Spectroscopic},
  year = 2006,
  month = dec,
  volume = 653,
  pages = {657-674},
  doi = {10.1086/508764},
  note =
  "\url{http://adsabs.harvard.edu/abs/2006ApJ...653..657M}",
  adsnote = {Provided by the SAO/NASA Astrophysics Data System}
}




@inproceedings{Blackburn+06,
 author = {Blackburn, Stephen M. and Garner, Robin and Hoffmann, Chris and Khang, Asjad M. and McKinley, Kathryn S. and Bentzur, Rotem and Diwan, Amer and Feinberg, Daniel and Frampton, Daniel and Guyer, Samuel Z. and Hirzel, Martin and Hosking, Antony and Jump, Maria and Lee, Han and Moss, J. Eliot B. and Phansalkar, Aashish and Stefanovi\'{c}, Darko and VanDrunen, Thomas and von Dincklage, Daniel and Wiedermann, Ben},
 title = {The DaCapo Benchmarks: Java Benchmarking Development and Analysis},
 booktitle = {Proceedings of the 21st Annual ACM SIGPLAN Conference on Object-oriented Programming Systems, Languages, and Applications},
 series = {OOPSLA '06},
 year = {2006},
 isbn = {1-59593-348-4},
 location = {Portland, Oregon, USA},
 pages = {169--190},
 numpages = {22},
 url = {http://doi.acm.org/10.1145/1167473.1167488},
 doi = {10.1145/1167473.1167488},
 acmid = {1167488},
 publisher = {ACM},
 address = {New York, NY, USA},
 keywords = {DaCapo, Java, SPEC, benchmark, methodology},
}

@article{Grochowski06,
  title={Energy per instruction trends in Intel microprocessors},
  author={Grochowski, Ed and Annavaram, Murali},
  journal={Technology@ Intel Magazine},
  volume={4},
  number={3},
  pages={1--8},
  year={2006}
}
