@ARTICLE{Baruteau13,
   author = {{Baruteau}, C. and {Crida}, A. and {Paardekooper}, S.-J. and
	{Masset}, F. and {Guilet}, J. and {Bitsch}, B. and {Nelson}, R. and
	{Kley}, W. and {Papaloizou}, J.},
    title = "{Planet-Disk Interactions and Early Evolution of Planetary Systems}",
  journal = {Protostars and Planets VI},
archivePrefix = "arXiv",
   eprint = {1312.4293},
 primaryClass = "astro-ph.EP",
     year = 2014,
    pages = {667-689},
      doi = {10.2458/azu_uapress_9780816531240-ch029},
   adsurl = {http://adsabs.harvard.edu/abs/2014prpl.conf..667B},
  adsnote = {Provided by the SAO/NASA Astrophysics Data System}
}

@ARTICLE{Quanz15,
   author = {{Quanz}, S.~P. and {Amara}, A. and {Meyer}, M.~R. and {Girard}, J.~H. and
	{Kenworthy}, M.~A. and {Kasper}, M.},
    title = "{Confirmation and Characterization of the Protoplanet HD 100546 b{\mdash}Direct Evidence for Gas Giant Planet Formation at 50 AU}",
  journal = {\apj},
archivePrefix = "arXiv",
   eprint = {1412.5173},
 primaryClass = "astro-ph.SR",
 keywords = {planet{\ndash}disk interactions, planets and satellites: detection, planets and satellites: formation, planets and satellites: gaseous planets, protoplanetary disks, stars: pre-main sequence},
     year = 2015,
    month = jul,
   volume = 807,
      eid = {64},
    pages = {64},
      doi = {10.1088/0004-637X/807/1/64},
   adsurl = {http://adsabs.harvard.edu/abs/2015ApJ...807...64Q},
  adsnote = {Provided by the SAO/NASA Astrophysics Data System}
}

@ARTICLE{Boccaletti13,
   author = {{Boccaletti}, A. and {Pantin}, E. and {Lagrange}, A.-M. and
	{Augereau}, J.-C. and {Meheut}, H. and {Quanz}, S.~P.},
    title = "{Multiple spiral patterns in the transitional disk of HD 100546}",
  journal = {\aap},
archivePrefix = "arXiv",
   eprint = {1310.7092},
 primaryClass = "astro-ph.EP",
 keywords = {stars: individual: HD 100546, protoplanetary disks, planet-disk interactions, stars: early-type, techniques: image processing, techniques: high angular resolution},
     year = 2013,
    month = dec,
   volume = 560,
      eid = {A20},
    pages = {A20},
      doi = {10.1051/0004-6361/201322365},
   adsurl = {http://adsabs.harvard.edu/abs/2013A%26A...560A..20B},
  adsnote = {Provided by the SAO/NASA Astrophysics Data System}
}

@ARTICLE{Grady05,
   author = {{Grady}, C.~A. and {Woodgate}, B. and {Heap}, S.~R. and {Bowers}, C. and
	{Nuth}, III, J.~A. and {Herczeg}, G.~J. and {Hill}, H.~G.~M.
	},
    title = "{Resolving the Inner Cavity of the HD 100546 Disk: A Candidate Young Planetary System?}",
  journal = {\apj},
 keywords = {Stars: Circumstellar Matter, Stars: Planetary Systems: Protoplanetary Disks, Stars: Individual: Henry Draper Number: HD 100546, Stars: Pre-Main-Sequence},
     year = 2005,
    month = feb,
   volume = 620,
    pages = {470-480},
      doi = {10.1086/426887},
   adsurl = {http://adsabs.harvard.edu/abs/2005ApJ...620..470G},
  adsnote = {Provided by the SAO/NASA Astrophysics Data System}
}

@ARTICLE{Currie15,
   author = {{Currie}, T. and {Cloutier}, R. and {Brittain}, S. and {Grady}, C. and
	{Burrows}, A. and {Muto}, T. and {Kenyon}, S.~J. and {Kuchner}, M.~J.
	},
    title = "{Resolving the HD 100546 Protoplanetary System with the Gemini Planet Imager: Evidence for Multiple Forming, Accreting Planets}",
  journal = {\apjl},
archivePrefix = "arXiv",
   eprint = {1511.02526},
 primaryClass = "astro-ph.EP",
 keywords = {planetary systems, stars: early-type, stars: individual: HD 100546},
     year = 2015,
    month = dec,
   volume = 814,
      eid = {L27},
    pages = {L27},
      doi = {10.1088/2041-8205/814/2/L27},
   adsurl = {http://adsabs.harvard.edu/abs/2015ApJ...814L..27C},
  adsnote = {Provided by the SAO/NASA Astrophysics Data System}
}
@ARTICLE{Walsh14,
   author = {{Walsh}, C. and {Juh{\'a}sz}, A. and {Pinilla}, P. and {Harsono}, D. and
	{Mathews}, G.~S. and {Dent}, W.~R.~F. and {Hogerheijde}, M.~R. and
	{Birnstiel}, T. and {Meeus}, G. and {Nomura}, H. and {Aikawa}, Y. and
	{Millar}, T.~J. and {Sandell}, G.},
    title = "{ALMA Hints at the Presence of two Companions in the Disk around HD 100546}",
  journal = {\apjl},
archivePrefix = "arXiv",
   eprint = {1405.6542},
 primaryClass = "astro-ph.EP",
 keywords = {protoplanetary disks, stars: formation, stars: individual: HD 100546, stars: pre-main sequence, submillimeter: planetary systems },
     year = 2014,
    month = aug,
   volume = 791,
      eid = {L6},
    pages = {L6},
      doi = {10.1088/2041-8205/791/1/L6},
   adsurl = {http://adsabs.harvard.edu/abs/2014ApJ...791L...6W},
  adsnote = {Provided by the SAO/NASA Astrophysics Data System}
}

@ARTICLE{Meeus01,
   author = {{Meeus}, G. and {Waters}, L.~B.~F.~M. and {Bouwman}, J. and
	{van den Ancker}, M.~E. and {Waelkens}, C. and {Malfait}, K.
	},
    title = "{ISO spectroscopy of circumstellar dust in 14 Herbig Ae/Be systems: Towards an understanding of dust processing}",
  journal = {\aap},
   eprint = {astro-ph/0012295},
 keywords = {CIRCUMSTELLAR MATTER, STARS: PRE-MAIN SEQUENCE, INFRARED: ISM: LINES AND BANDS, SOLAR SYSTEM: FORMATION},
     year = 2001,
    month = jan,
   volume = 365,
    pages = {476-490},
      doi = {10.1051/0004-6361:20000144},
   adsurl = {http://adsabs.harvard.edu/abs/2001A%26A...365..476M},
  adsnote = {Provided by the SAO/NASA Astrophysics Data System}
}

@ARTICLE{Meeus12,
   author = {{Meeus}, G. and {Montesinos}, B. and {Mendigut{\'{\i}}a}, I. and
	{Kamp}, I. and {Thi}, W.~F. and {Eiroa}, C. and {Grady}, C.~A. and
	{Mathews}, G. and {Sandell}, G. and {Martin-Za{\"i}di}, C. and
	{Brittain}, S. and {Dent}, W.~R.~F. and {Howard}, C. and {M{\'e}nard}, F. and
	{Pinte}, C. and {Roberge}, A. and {Vandenbussche}, B. and {Williams}, J.~P.
	},
    title = "{Observations of Herbig Ae/Be stars with Herschel/PACS. The atomic and molecular contents of their protoplanetary discs}",
  journal = {\aap},
archivePrefix = "arXiv",
   eprint = {1206.3413},
 keywords = {line: identification, astrochemistry, circumstellar matter, planetary systems, protoplanetary disks},
     year = 2012,
    month = aug,
   volume = 544,
      eid = {A78},
    pages = {A78},
      doi = {10.1051/0004-6361/201219225},
   adsurl = {http://cdsads.u-strasbg.fr/abs/2012A%26A...544A..78M},
  adsnote = {Provided by the SAO/NASA Astrophysics Data System}
}

@ARTICLE{Ancker98,
   author = {{van den Ancker}, M.~E. and {de Winter}, D. and {Tjin A Djie}, H.~R.~E.
	},
    title = "{HIPPARCOS photometry of Herbig Ae/Be stars}",
  journal = {\aap},
 keywords = {CIRCUMSTELLAR MATTER, STARS: DISTANCES, HR DIAGRAM, STARS: PRE-MAIN SEQUENCE, STARS: VARIABLES},
     year = 1998,
    month = feb,
   volume = 330,
    pages = {145-154},
   adsurl = {http://adsabs.harvard.edu/abs/1998A%26A...330..145V},
  adsnote = {Provided by the SAO/NASA Astrophysics Data System}
}
